<?xml version="1.0" encoding="UTF-8"?><collection xmlns="http://www.loc.gov/MARC21/slim"><record><leader>00395nam--2200157-i-4500</leader><controlfield tag="001">000046160</controlfield><controlfield tag="002">20161230</controlfield><controlfield tag="005">20170125233437</controlfield><controlfield tag="008">060222s1000------------r-----000-0-eng-d</controlfield><datafield ind1=" " ind2=" " tag="080"><subfield code="a">343</subfield></datafield><datafield ind1=" " ind2=" " tag="100"><subfield code="a">Vasiliu, Teodor</subfield></datafield><datafield ind1=" " ind2=" " tag="245"><subfield code="a">Codul penal al rsr. comentat si adnotat. Partea generala</subfield></datafield><datafield ind1=" " ind2=" " tag="260"><subfield code="a">Bucuresti</subfield><subfield code="b">Ed.St</subfield><subfield code="c">1972</subfield></datafield><datafield ind1=" " ind2=" " tag="300"><subfield code="a">771 p</subfield></datafield><datafield ind1=" " ind2=" " tag="852"><subfield code="a">39889</subfield></datafield><datafield ind1=" " ind2=" " tag="CAT"><subfield code="a">SYS</subfield><subfield code="c">20170125</subfield><subfield code="h">233437</subfield></datafield></record></collection>